@article {DistributedVerification2008,
      author = "Barnert Tomasz and Kosmowski Kazimierz and Śliwiński Marcin",
      title = "Security Aspects in Verification of the Safety Integrity Level of Distributed Control and Protection Systems",
      journal = "Journal of KONBiN",
      year = "01 Jan. 2008",
      publisher = "Sciendo",
      address = "Berlin",
      volume = "6",
      number = "3",
      doi = "https://doi.org/10.2478/v10040-008-0056-0",
      pages=      "25 - 40",
      url = "https://content.sciendo.com/view/journals/jok/6/3/article-p25.xml"
}

@inproceedings{DistributedSafety2020,
  title="A Distributed Safety Mechanism using Middleware and Hypervisors for Autonomous Vehicles",
  author="Tjerk {Bijlsma} and Andrii {Buriachevskyi} and Alessandro {Frigerio} and Yuting {Fu} and Kees {Goossens} and Ali Osman {Ors} and Pieter J. van der {Perk} and Andrei {Terechko} and Bart {Vermeulen}",
  booktitle="2020 Design, Automation \& Test in Europe Conference \& Exhibition (DATE)",
  pages="1175--1180",
  notes="Sourced from Microsoft Academic - https://academic.microsoft.com/paper/3035785102",
  year="2020"
}

@INPROCEEDINGS{DDSInURail,
  author={S. A. {Hadiwardoyo} and L. {Gao}},
  booktitle={2018 3rd International Conference on Computer and Communication Systems (ICCCS)},
  title={Integrating a Middleware DDS Application for Safety Purposes in an Underground Railway Environment},
  year={2018},
  volume={},
  number={},
  pages={46-50},
  doi={10.1109/CCOMS.2018.8463334}
}

@inproceedings{CotroneoDDSFailureAnalysis,
  author = {Cotroneo, Domenico and Pecchia, Antonio and Pietrantuono, Roberto and Russo, Stefano},
  year = {2009},
  month = {11},
  pages = {},
  title = {A Failure Analysis of Data Distribution Middleware in a Mission-Critical System for Air Traffic Control},
  doi = {10.1145/1657755.1657760}
}

@INPROCEEDINGS{SchmidtMissionCriticalChallenges,
  author={D. C. {Schmidt} and H. {van't Hag}},
  booktitle={2008 IEEE International Symposium on Parallel and Distributed Processing}, 
  title={Addressing the challenges of mission-critical information management in next-generation net-centric pub/sub systems with OpenSplice DDS}, 
  year={2008},
  volume={},
  number={},
  pages={1-8},
  doi={10.1109/IPDPS.2008.4536567}
}



@article{ReliabilityThroughRedundancy,
title = "Reliability and safety analysis of redundant vehicle management computer system",
journal = "Chinese Journal of Aeronautics",
volume = "26",
number = "5",
pages = "1290 - 1302",
year = "2013",
issn = "1000-9361",
doi = "https://doi.org/10.1016/j.cja.2013.07.036",
url = "http://www.sciencedirect.com/science/article/pii/S1000936113001726",
author = "Jian Shi and Yixuan Meng and Shaoping Wang and Mengmeng Bian and Dungong Yan",
keywords = "Failure transmission, Fault monitoring detection, Generalized stochastic Petri nets, Redundant technique, Vehicle management computer",
}

@INPROCEEDINGS{KugeleDataCentricForAuto,
  author={S. {Kugele} and D. {Hettler} and J. {Peter}},
  booktitle={2018 IEEE International Conference on Software Architecture (ICSA)}, 
  title={Data-Centric Communication and Containerization for Future Automotive Software Architectures}, 
  year={2018},
  volume={},
  number={},
  pages={65-6509},
  doi={10.1109/ICSA.2018.00016}
}


@book{TanenbaumSteen07,
  author={M. {van Steen} and A.S. {Tanenbaum}},
  title="Distributed Systems",
  note="3rd ed., distributed-systems.net",
  url="distributed-systems.net",
  year=2017,
}

@book{BoulangerStandards,
  author={Jean-Louis {Boulanger}},
  publisher="ITSE Ltd and John Wiley \& Sons, Inc",
  title="CENELEC 50128 and IEC 62279 Standards",
  note="Control Systems And Industrial Engineering Series",
  year=2015,
}
